@book{livio2008golden,
  title={The golden ratio: The story of phi, the world's most astonishing number},
  author={Livio, Mario},
  year={2008},
  publisher={Broadway Books}
}
@book{geometricalphi,
    title= {Geometrical Substantiation of Phi, the Golden Ratio and
the Baroque of Nature, Architecture,
Design and Engineering},
author={Md. Akhtaruzzaman*
, Amir A. Shafie},
year={2011},
publisher={International Journal of Arts 2011; 1(1): 1-22}
}